@Book{copland2000,
author = {Copeland, B.~J},
year = 2000,
title = {The Turing Test}
}
