@article{copland2000,
 author = {B. Jack Copeland},
 title = {{The Turing Test*}},
 journal = {Minds Mach.},
 volume = {10},
 number = {4},
 year = {2000},
 issn = {0924-6495},
 pages = {519--539},
 doi = {http://dx.doi.org/10.1023/A:1011285919106},
 publisher = {Kluwer Academic Publishers},
 address = {Hingham, MA, USA},
 }