@phdthesis{article:rest,
  title={Architectural styles and the design of network-based software architectures},
  author={Fielding, R.T.},
  year={2000},
  school={University of California},
  chapter={5}
}


@article{site:oauth,
  title={The oauth 1.0 protocol},
  author={Hammer-Lahav, E.},
  year={2010}
}

@online{site:twitterlimit,
author = {Twitter},
title = {REST API Rate Limiting in v1.1},
year = {2012},
date = {2012-10-26},
url = {https://dev.twitter.com/docs/rate-limiting/1.1}
}


@online{site:twitterstream,
author = {Twitter},
title = {The Streaming APIs},
year = {2012},
date = {2012-09-24},
url = {https://dev.twitter.com/docs/streaming-apis}
}


@online{site:twitterapi,
author = {Twitter},
title = {REST API v1.1 Resources},
year = {2012},
url = {https://dev.twitter.com/docs/api/1.1}
}


@article{site:json,
  title={The application/json media type for javascript object notation (json)},
  author={Crockford, D.},
  year={2006}
}

@misc{site:nodejs,
  title={Node. js: Evented I/O for V8 JavaScript},
  author={Dahl, R.},
  year={2009},
  url = {http://nodejs.org/}
}


@online{site:npm,
	author={NPM},
	year={2012},
	date={2012-12-06},
	url={https://npmjs.org/}
}